<?xml version="1.0" encoding="UTF-8"?><collection xmlns="http://www.loc.gov/MARC21/slim"><record><leader>00401nam--2200145-i-4500</leader><controlfield tag="001">000011227</controlfield><controlfield tag="002">20161230</controlfield><controlfield tag="005">20170221233611</controlfield><controlfield tag="008">060222s1000------------r-----000-0-eng-d</controlfield><datafield ind1=" " ind2=" " tag="100"><subfield code="a">Counihan, M. J</subfield></datafield><datafield ind1=" " ind2=" " tag="245"><subfield code="a">A bibliography of experimental neutrino physics</subfield></datafield><datafield ind1=" " ind2=" " tag="260"><subfield code="a">Chilton</subfield><subfield code="b">Rutherford Laboratory</subfield><subfield code="c">1976</subfield></datafield><datafield ind1=" " ind2=" " tag="300"><subfield code="a">32 p.+ 1 Fig</subfield></datafield><datafield ind1=" " ind2=" " tag="852"><subfield code="a">539.123(048.1:047.3)</subfield></datafield><datafield ind1=" " ind2=" " tag="CAT"><subfield code="a">SYS</subfield><subfield code="c">20170221</subfield><subfield code="h">233611</subfield></datafield></record></collection>